<?xml version="1.0" encoding="UTF-8"?><record xmlns="http://www.loc.gov/MARC21/slim" xmlns:cinclude="http://apache.org/cocoon/include/1.0" xmlns:zs="http://www.loc.gov/zing/srw/">
  <leader>00878cz  a2200193n  4500</leader>
  <controlfield tag="001">no2005051026</controlfield>
  <controlfield tag="003">DLC</controlfield>
  <controlfield tag="005">20110421075118.0</controlfield>
  <controlfield tag="008">050601n| acannaabn          |a aaa     c</controlfield>
  <datafield tag="010" ind1=" " ind2=" ">
    <subfield code="a">no2005051026</subfield>
  </datafield>
  <datafield tag="035" ind1=" " ind2=" ">
    <subfield code="a">(OCoLC)oca06647401</subfield>
  </datafield>
  <datafield tag="040" ind1=" " ind2=" ">
    <subfield code="a">PSt</subfield>
    <subfield code="b">eng</subfield>
    <subfield code="c">PSt</subfield>
    <subfield code="d">MWA</subfield>
    <subfield code="d">DFo</subfield>
  </datafield>
  <datafield tag="100" ind1="1" ind2=" ">
    <subfield code="a">De Wilde, Samuel,</subfield>
    <subfield code="d">1751-1832</subfield>
  </datafield>
  <datafield tag="400" ind1="1" ind2=" ">
    <subfield code="a">Wilde, Samuel De,</subfield>
    <subfield code="d">1751-1832</subfield>
  </datafield>
  <datafield tag="400" ind1="1" ind2=" ">
    <subfield code="a">De Wilde,</subfield>
    <subfield code="d">1751-1832</subfield>
  </datafield>
  <datafield tag="670" ind1=" " ind2=" ">
    <subfield code="a">Edmund Kean engraved portrait, 1814, June 12</subfield>
    <subfield code="b">(from a picture by De Wilde)</subfield>
  </datafield>
  <datafield tag="670" ind1=" " ind2=" ">
    <subfield code="a">Dunlap, W. Memoirs of the life of George Frederick Cooke, 1813:</subfield>
    <subfield code="b">frontis., v. 2 (De Wilde del.)</subfield>
  </datafield>
  <datafield tag="670" ind1=" " ind2=" ">
    <subfield code="a">Grove Art Online, May 4, 2005</subfield>
    <subfield code="b">(De Wilde, Samuel; bapt. London, 28 July 1751; d. London, 19 Jan. 1832; English painter and etcher of Dutch descent; master of theatrical portraits)</subfield>
  </datafield>
  <datafield tag="670" ind1=" " ind2=" ">
    <subfield code="a">ULAN, 19 April 2011</subfield>
    <subfield code="b">(De Wilde, Samuel, British painter and printmaker, 1748-1832)</subfield>
  </datafield>
</record>